%% Saved with string encoding Unicode (UTF-8)



misc{para,
	Author = {{IEEE Referencing}},
	Howpublished = {\url{http://libguides.bhtafe.edu.au/content.php?pid=88814&sid=660920}},
	Keywords = {paraphrasing, plagariasm, citation, quotation},
	Lastchecked = {19/04/2017},
	Title = {{How to Cite\/Quote in Your Assignment}}}

misc{ieee-write,
	Author = {{IEEE Authorship Series}},
	Howpublished = {\url{http://ieeeauthorcenter.ieee.org/wp-content/uploads/How-to-Write-for-Technical-Periodicals-and-Conferences.pdf}},
	Institution = {{IEEE}},
	Keywords = {writing, paragraph, sentences, ethics},
	Lastchecked = {18/04/2017},
	Title = {How to Write for Technical Periodicals \& Conferences}}



@book{grady2010system,
  title={System requirements analysis},
  author={Grady, Jeffrey O},
  year={2010},
  publisher={Elsevier}
}

@article{hooks2015difference,
  title={What is the difference between a Requirement and a Specification?},
  author={Hooks, Ivy},
  year={2015},
  organization={Compliance Automation, Inc.}
}

@article{wassyng2006software,
  title={Software tools for safety-critical software development},
  author={Wassyng, Alan and Lawford, Mark},
  journal={International Journal on Software Tools for Technology Transfer},
  volume={8},
  number={4-5},
  pages={337--354},
  year={2006},
  publisher={Springer}
}

@article{hooks2004sos,
  title={Managing Requirements for a System of Systems},
  author={Hooks, Ivy},
  year={2004},
  organization={Compliance Automation, Inc.}
}

@article{gannon1993state,
  author = {J. Gannon and J. Atlee},
  journal = {IEEE Transactions on Software Engineering},
  title = {State-Based Model Checking of Event-Driven System Requirements},
  year = {1993},
  volume = {19},
  number = {},
  pages = {24-40},
  keywords={event-driven system requirements; model checking; SCR tabular requirements; software requirements; A-7 military aircraft; temporal logics; formal specification; system invariants; automobile cruise control system; water-level monitoring system; formal specification; formal verification},
  doi = {10.1109/32.210305},
  url = {doi.ieeecomputersociety.org/10.1109/32.210305},
  ISSN = {0098-5589},
  month={01}
}

@book{wiegers2013software,
  title={Software requirements},
  author={Wiegers, Karl and Beatty, Joy},
  year={2013},
  publisher={Pearson Education}
}

@inproceedings{miller2001extending,
  title={Extending the four-variable model to bridge the system-software gap},
  author={Miller, Steven P and Tribble, Alan C},
  booktitle={20th DASC. 20th Digital Avionics Systems Conference (Cat. No. 01CH37219)},
  volume={1},
  pages={4E5--1},
  year={2001},
  organization={IEEE}
}

@article{porrello2012death,
  title={Death and Denial: The Failure of the THERAC-25, A Medical Linear Accelerator},
  author={Porrello, Anne M},
  journal={Death and Denial: The Failure of the THERAC-25, AMedical Linear Accelerator},
  year={2012}
}

@article{bozdagtherac,
  title={Therac-25 and the security of the computer controlled equipment Ethics of Science and Technology (WM0314IN)},
  author={Bozdag, Engin},
  publisher={Citeseer}
}

@article{onderzoeksraad2010turkish,
  title={Turkish Airlines, Neergestort tijdens nadering, Boeing 737-800, Amsterdam Schiphol Airport},
  author={De Onderzoeksraad Voor Veiligheid},
  year={2010},
}

@inproceedings{leveson1997analyzing,
  title={Analyzing software specifications for mode confusion potential},
  author={Leveson, Nancy and Pinnel, L Denise and Sandys, Sean David and Koga, Shuichi and Reese, Jon Damon}
}

@book{oeleLogica,
	title={Logica},
	author={W. Oele},
	howpublished = {\url{https://med.hr.nl/oelew/logica/logica.pdf)}}
}

@book{schaumsOutline,
 author = {Seymour Lipschutz, Marc Lipson},
 title = {Schaum's Outlines Discrete Mathematics},
 year = {2009},
 isbn = {9780071615877},
}

@book{modelchecking,
 author = {Clarke,Jr., Edmund M. and Grumberg, Orna and Peled, Doron A.},
 title = {Model Checking},
 year = {1999},
 isbn = {0-262-03270-8},
 publisher = {MIT Press},
 address = {Cambridge, MA, USA},
}

@article{behrmann2006tutorial,
  title={A tutorial on Uppaal 4.0},
  author={Behrmann, Gerd and David, Alexandre and Larsen, Kim G}
}

article{schon2017agile,
  title={Agile Requirements Engineering: A systematic literature review},
  author={Sch\"on, Eva-Maria and Thomaschewski, J\"org and Escalona, Maria Jose},
  journal={Computer Standards \& Interfaces},
  volume={49},
  pages={79--91},
  year={2017},
  publisher={Elsevier}
}

inproceedings{royce1987managing,
  title={Managing the development of large software systems: concepts and techniques},
  author={Royce, Winston W},
  booktitle={Proceedings of the 9th international conference on Software Engineering},
  pages={328--338},
  year=1987,
  organization={IEEE Computer Society Press}
}

article{leveson1993investigation,
  title={An investigation of the Therac-25 accidents},
  author={Leveson, Nancy G and Turner, Clark S},
  journal={IEEE computer},
  volume={26},
  number={7},
  pages={18--41},
  year={1993}
}


inproceedings{nuseibeh2000requirements,
  title={Requirements engineering: a roadmap},
  author={Nuseibeh, Bashar and Easterbrook, Steve},
  booktitle={Proceedings of the Conference on the Future of Software Engineering},
  pages={35--46},
  year={2000},
  organization={ACM}
}
